<collection xmlns="http://www.loc.gov/MARC21/slim">
<record>
  <leader>01642nam0a2200337 i 450 </leader>
  <controlfield tag="001">IT\ICCU\CNCE\032425</controlfield>
  <controlfield tag="005">20081209000000.0</controlfield>
  <datafield tag="012" ind1=" " ind2=" ">
    <subfield code="a">arni s.m: s.et AcEs (3) 1570 (R)</subfield>
    <subfield code="2">fei</subfield>
  </datafield>
  <datafield tag="100" ind1=" " ind2=" ">
    <subfield code="a">19971211d1570        0itac0103    ba</subfield>
  </datafield>
  <datafield tag="101" ind1=" " ind2=" ">
    <subfield code="a">LAT</subfield>
  </datafield>
  <datafield tag="102" ind1=" " ind2=" ">
    <subfield code="a">IT</subfield>
  </datafield>
  <datafield tag="200" ind1="1" ind2=" ">
    <subfield code="a">℗Augustini Gottucii Genuensis, philosophi ac medici ℗De differentiis, ac causis morborum compendium</subfield>
  </datafield>
  <datafield tag="210" ind1=" " ind2=" ">
    <subfield code="a">Bononiae</subfield>
    <subfield code="c">typis Alexandri Benaccii</subfield>
    <subfield code="d">1570</subfield>
  </datafield>
  <datafield tag="215" ind1=" " ind2=" ">
    <subfield code="a">14 c.</subfield>
    <subfield code="d">4ʻ</subfield>
  </datafield>
  <datafield tag="620" ind1=" " ind2=" ">
    <subfield code="a">IT</subfield>
    <subfield code="d">Bologna</subfield>
  </datafield>
  <datafield tag="700" ind1=" " ind2="1">
    <subfield code="a">Gottuccio,</subfield>
    <subfield code="b">Agostino</subfield>
    <subfield code="c"> &lt;m. 1577&gt;</subfield>
    <subfield code="3">IT\ICCU\CNCA\007789</subfield>
  </datafield>
  <datafield tag="712" ind1="0" ind2="0">
    <subfield code="a">Benacci, Alessandro</subfield>
    <subfield code="3">IT\ICCU\CNCT\000020</subfield>
    <subfield code="4">650</subfield>
  </datafield>
  <datafield tag="790" ind1=" " ind2="1">
    <subfield code="a">Gottuccius,</subfield>
    <subfield code="b">Augustinus</subfield>
    <subfield code="c"> &lt;medico&gt;</subfield>
    <subfield code="3">IT\ICCU\CNCA\021420</subfield>
    <subfield code="z">Gottuccio, Agostino &lt;m. 1577&gt;</subfield>
  </datafield>
  <datafield tag="790" ind1=" " ind2="1">
    <subfield code="a">Gottuzzi,</subfield>
    <subfield code="b">Agostino</subfield>
    <subfield code="3">IT\ICCU\CNCA\021421</subfield>
    <subfield code="z">Gottuccio, Agostino &lt;m. 1577&gt;</subfield>
  </datafield>
  <datafield tag="791" ind1="0" ind2="0">
    <subfield code="a">Benazzi, Alessandro</subfield>
    <subfield code="3">IT\ICCU\CNCT\003631</subfield>
    <subfield code="z">Benacci, Alessandro</subfield>
  </datafield>
  <datafield tag="791" ind1="0" ind2="0">
    <subfield code="a">Benatius, Alexander</subfield>
    <subfield code="3">IT\ICCU\CNCT\003647</subfield>
    <subfield code="z">Benacci, Alessandro</subfield>
  </datafield>
  <datafield tag="791" ind1="0" ind2="0">
    <subfield code="a">Benacio, Alessandro</subfield>
    <subfield code="3">IT\ICCU\CNCT\004322</subfield>
    <subfield code="z">Benacci, Alessandro</subfield>
  </datafield>
  <datafield tag="791" ind1="0" ind2="0">
    <subfield code="a">Benacius, Alexander</subfield>
    <subfield code="3">IT\ICCU\CNCT\004323</subfield>
    <subfield code="z">Benacci, Alessandro</subfield>
  </datafield>
  <datafield tag="791" ind1="0" ind2="0">
    <subfield code="a">Benaccius, Alexander</subfield>
    <subfield code="3">IT\ICCU\CNCT\004324</subfield>
    <subfield code="z">Benacci, Alessandro</subfield>
  </datafield>
  <datafield tag="801" ind1=" " ind2="3">
    <subfield code="a">IT</subfield>
    <subfield code="b">ICCU</subfield>
    <subfield code="c">20201114</subfield>
  </datafield>
  <datafield tag="899" ind1=" " ind2=" ">
    <subfield code="a">Biblioteca universitaria. Bologna</subfield>
    <subfield code="1">BO0098</subfield>
    <subfield code="2">UBO BU</subfield>
  </datafield>
  <datafield tag="899" ind1=" " ind2=" ">
    <subfield code="a">Biblioteca Apostolica Vaticana. Citt ̉del Vaticano</subfield>
    <subfield code="1">EX0001</subfield>
    <subfield code="2">ZCV 01</subfield>
  </datafield>
  <datafield tag="899" ind1=" " ind2=" ">
    <subfield code="a">Biblioteca comunale Ariostea. Ferrara</subfield>
    <subfield code="1">FE0017</subfield>
    <subfield code="2">UFE AR</subfield>
  </datafield>
  <datafield tag="899" ind1=" " ind2=" ">
    <subfield code="a">Biblioteca Estense Universitaria. Modena</subfield>
    <subfield code="1">MO0089</subfield>
    <subfield code="2">MOD BE</subfield>
  </datafield>
  <datafield tag="899" ind1=" " ind2=" ">
    <subfield code="a">Biblioteca comunale Classense. Ravenna</subfield>
    <subfield code="1">RA0036</subfield>
    <subfield code="2">RAV CL</subfield>
  </datafield>
  <datafield tag="899" ind1=" " ind2=" ">
    <subfield code="a">Biblioteca nazionale centrale. Roma</subfield>
    <subfield code="1">RM0267</subfield>
    <subfield code="2">BVE CR</subfield>
  </datafield>
</record>
</collection>
